@Article{smith2009,
  title={Threshold-free cluster enhancement: addressing problems of smoothing, threshold dependence and localisation in cluster inference},
  author={Smith, Stephen M and Nichols, Thomas E},
  journal={NeuroImage},
  volume={44},
  number={1},
  pages={83--98},
  year={2009},
  publisher={Elsevier}
}

@Article{winkler2014,
  title={Permutation inference for the general linear model},
  author={Winkler, Anderson M and others},
  journal={NeuroImage},
  volume={92},
  pages={381--397},
  year={2014},
  publisher={Elsevier}
}
